@misc{GY_TQC17,
	author = {Gharibian, Sevag and \textbf{Yirka}, \textbf{Justin}},
	title = {The complexity of simulating local measurements on quantum systems},
	howpublished = {Contributed talk \textit{by S. Gharibian} at 12\textsuperscript{th} Conference on the Theory of Quantum Computation, Communication, and Cryptography (TQC)},
	address = {Paris, France},
	year = {2017},
	keywords = {conference}
}
@misc{GY_QIP16,
	author = {Gharibian, Sevag and \textbf{Yirka}, \textbf{Justin}},
	title = {The complexity of estimating local physical quantities},
	howpublished = {Poster at 20\textsuperscript{th} Conference on Quantum Information Processing (QIP)},
	address = {Seattle, USA},
	year = {2017},
	keywords = {conference}
}
@misc{NCUR16,
	author = {\textbf{Yirka}, \textbf{Justin}},
	title = {Evaluation of {TCP} header fields for data overhead efficiency},
	howpublished = {Poster at 30\textsuperscript{th} National Conference on Undergraduate Research (NCUR)},
	address = {Asheville, USA},
	year = {2016},
	keywords = {conference}
}
@misc{VCU15,
	author = {\textbf{Yirka}, \textbf{Justin}},
	title = {Evaluation of {TCP} header fields for data overhead efficiency},
	howpublished = {Poster at VCU Symposium for Undergraduate Research and Creativity},
	address = {Richmond, USA},
	year = {2015. --- \textbf{Awarded ``Launch Award for Outstanding Research Poster''}},
	keywords = {conference}
}