@unpublished{GY16,
	author = {Gharibian, Sevag and \textbf{Yirka, Justin}},
	title = "{The complexity of simulating local measurements on quantum systems}",
	year = {2016},
	note = {Available at \url{https://arxiv.org/abs/1606.05626}},
}
