@misc{Ramdev18,
	title = {Computer Science theory \emph{is} fun},
	howpublished = {VCU RamDev software development club},
	year = {2018},
	keywords = {public}
}
@misc{Ramdev17,
	title = {Quantum programming \footnotesize{(e.g. \textnormal{IBM Q, LIQ$Ui|\rangle$})} },
	howpublished = {VCU RamDev software development club},
	year = {2017},
	keywords = {public}
}