@misc{UMD17,
	title = {Pure state tomography with {P}auli observables},
	howpublished = {QuICS, University of Maryland},
	year = {2017},
	keywords = {seminar}
}
@misc{VCU16,
	title = {Quantum complexity of estimating local physical quantities},
	howpublished = {Department of Computer Science, VCU},
	year = {2016. --- \textbf{Only undergraduate invited in previous 5 years}},
	keywords = {seminar}
}